@ARTICLE{Nicholl19_nebular,
       author = {{Nicholl}, Matt and {Berger}, Edo and {Blanchard}, Peter K. and {Gomez}, Sebastian and {Chornock}, Ryan},
        title = "{Nebular-phase Spectra of Superluminous Supernovae: Physical Insights from Observational and Statistical Properties}",
      journal = {\apj},
     keywords = {supernovae: general, supernovae: individual: SN2017egm, Gaia16apd, PS17aea, Astrophysics - High Energy Astrophysical Phenomena, Astrophysics - Solar and Stellar Astrophysics},
         year = 2019,
        month = {jan},
       volume = {871},
       number = {1},
          eid = {102},
        pages = {102},
          doi = {10.3847/1538-4357/aaf470},
archivePrefix = {arXiv},
       eprint = {1808.00510},
 primaryClass = {astro-ph.HE},
       adsurl = {https://ui.adsabs.harvard.edu/abs/2019ApJ...871..102N},
      adsnote = {Provided by the SAO/NASA Astrophysics Data System}
}